@comment{x-kbibtex-encoding=utf-8}

@book{IAmeseguer,
	author = {{Meseguer González}, P. and {López de Mántaras Badia}, R.},
	isbn = {978-84-00-10233-3},
	publisher = {CSIC Consejo Superior de Investigaciones Científicas},
	title = {Inteligencia artificial},
	url = {https://elibro.net/es/ereader/anahuac/42319?page=1},
	year = {2017}
}

@article{searle,
	author = {Searle, J. R.},
	journal = {Behavioral and Brain Sciences},
	pages = {417–457},
	title = {Minds, Brains, ans Programs},
	volume = {3},
	year = {1980}
}

@book{Nueva1,
	author = {{Guevara Martinez}, E.},
	publisher = {Universidad Anáhuac},
	title = {Introducción a la Inteligencia Artificial},
	year = {2022}
}

@book{Nueva2,
	author = {Anónimo},
	publisher = {Wikipedia},
	title = {Inteligencia artificial},
	url = {https://es.wikipedia.org/wiki/Inteligencia_artificial#Aplicaciones_de_la_inteligencia_artificial},
	year = {2023}
}

