@misc{amz,
	author = {Amazon},
	booktitle = {Amazon AWS},
	howpublished = {\url{https://aws.amazon.com/es/what-is/neural-network/}},
	journal = {Amazon AWS},
	note = {Accesado Julio 2023},
	title = {?`Qu{\'e} es una red neuronal?}
}

@misc{chatgpt,
	author = {An{\'o}nimo},
	booktitle = {ChatGPT},
	journal = {OpenAI},
	note = {Accesado Julio 2023},
	title = {?`Qu{\'e} son las redes neuronales?}
}

