@book{breiman2017classification,
	author = {Breiman, L.},
	isbn = {9781351460484},
	publisher = {CRC Press},
	title = {Classification and Regression Trees},
	url = {https://books.google.co.kr/books?id=gLs6DwAAQBAJ},
	year = {2017}
}

@book{unpingco,
	author = {Unpingco, Jos{\'e}},
	chapter = {4},
	isbn = {978-3-319-30715-2},
	pages = {225--231},
	publisher = {Springer},
	title = {Python for Probability, Statistics, and Machine Learning},
	year = {2016}
}

@book{rokach,
	author = {Rokach, Lior and Maimon, Oded},
	booktitle = {Theory and Applications},
	edition = {2},
	isbn = {978-9814590075},
	publisher = {World Scientific},
	series = {Series in Machine Perception and Artificial Intelligence},
	title = {Data Mining with Decision Trees},
	volume = {81},
	year = {2015}
}

@article{gelfand,
	author = {Gelfand, S. B. and Ravishankar, C. S. and Delp, E. J.},
	booktitle = {IEEE Transaction on Pattern Analysis and Machine Intelligence},
	journal = {IEEE},
	number = {2},
	pages = {163--174},
	title = {An iterative growing and pruning algorithm for classification tree design},
	volume = {13},
	year = {1991}
}

@book{laplace,
	author = {Laplace, P. S.},
	title = {Teoría analítica de las probabilidades},
	edition = {3},
	publisher = {Courcier},
	year = {1820}
}

@article{scikit-learn,
 title={Scikit-learn: Machine Learning in {P}ython},
 author={Pedregosa, F. and Varoquaux, G. and Gramfort, A. and Michel, V.
         and Thirion, B. and Grisel, O. and Blondel, M. and Prettenhofer, P.
         and Weiss, R. and Dubourg, V. and Vanderplas, J. and Passos, A. and
         Cournapeau, D. and Brucher, M. and Perrot, M. and Duchesnay, E.},
 journal={Journal of Machine Learning Research},
 volume={12},
 pages={2825--2830},
 year={2011}
}

